@inproceedings{Serra20,
  author    = {Serra, Gabriele and Ara, Gabriele and Fara, Pietro and Cucinotta, Tommaso},
  booktitle = {2020 IEEE 23rd International Symposium on Real-Time Distributed Computing (ISORC)},
  title     = {An Architecture for Declarative Real-Time Scheduling on Linux},
  year      = {2020},
  volume    = {},
  number    = {},
  pages     = {20-28},
  doi       = {10.1109/ISORC49007.2020.00013}
}

@inproceedings{Ara19,
  author    = {Ara, Gabriele and Abeni, Luca and Cucinotta, Tommaso and Vitucci, Carlo},
  editor    = {Weiland, Mich{\`e}le and Juckeland, Guido and Alam, Sadaf and Jagode, Heike},
  title     = {On the Use of Kernel Bypass Mechanisms for High-Performance Inter-container Communications},
  booktitle = {High Performance Computing},
  year      = {2019},
  publisher = {Springer International Publishing},
  address   = {Cham},
  pages     = {1--12},
  abstract  = {In this paper, we perform a comparison among a number of different virtual bridging and switching technologies, each widely available and commonly used on Linux, to provide network connectivity to co-located LXC containers for high-performance application scenarios.},
  isbn      = {978-3-030-34356-9},
  doi       = {10.1007/978-3-030-34356-9_1}
}


@conference{Ara20CLOSER,
  author       = {Ara, Gabriele and Cucinotta, Tommaso and Abeni, Luca and Vitucci, Carlo},
  title        = {Comparative Evaluation of Kernel Bypass Mechanisms for High-performance Inter-container Communications},
  booktitle    = {Proceedings of the 10th International Conference on Cloud Computing and Services Science - Volume 1: CLOSER,},
  year         = {2020},
  pages        = {44-55},
  publisher    = {SciTePress},
  organization = {INSTICC},
  doi          = {10.5220/0009321200440055},
  isbn         = {978-989-758-424-4}
}

@conference{Lai21IEEENFVSDN,
  author       = {Lai, Leonardo and Ara, Gabriele and Cucinotta, Tommaso and Kondepu, Koteswararao and Valcarenghi, Luca},
  title        = {Ultra-low Latency {NFV} Services Using {DPDK}},
  booktitle    = {Proceedings of the 7th IEEE Conference on Network Function Virtualization and Software Defined Networks (IEEE NFV-SDN)},
  year         = {2021},
  pages        = {},
  publisher    = {IEEE},
  doi          = {10.1109/NFV-SDN53031.2021.9665131},
  isbn         = {}
}

@inproceedings{Ara20CCIS,
  author    = {Ara, Gabriele and Lai, Leonardo and Cucinotta, Tommaso and Abeni, Luca and Vitucci, Carlo},
  editor    = {Ferguson, Donald and Pahl, Claus and Helfert, Markus},
  title     = {A Framework for Comparative Evaluation of High-Performance Virtualized Networking Mechanisms},
  booktitle = {Cloud Computing and Services Science},
  year      = {2021},
  publisher = {Springer International Publishing},
  pages     = {59--83},
  --isbn    = {978-3-030-72369-9},
  doi       = {10.1007/987-3-030-72369-9_3}
}

@article{Serra21JSA,
  title    = {ReTiF: A declarative real-time scheduling framework for POSIX systems},
  journal  = {Journal of Systems Architecture},
  volume   = {118},
  pages    = {102210},
  year     = {2021},
  issn     = {1383-7621},
  doi      = {10.1016/j.sysarc.2021.102210},
  --url      = {https://www.sciencedirect.com/science/article/pii/S1383762121001491},
  author   = {Gabriele Serra and Gabriele Ara and Pietro Fara and Tommaso Cucinotta},
}

@inproceedings{Ara2022Simulating,
  title     = {Simulating Eexecution Time and Power Consumption of Real-Time Tasks on Embedded Platforms},
  author    = {Ara, Gabriele and Cucinotta, Tommaso and Mascitti, Agostino},
  booktitle = {Proceedings of the 37th ACM/SIGAPP Symposium on Applied Computing},
  pages     = {491--500},
  year      = {2022},
  doi       = {10.1145/3477314.3507030},
}

%-----------------------------------------------------------

@incollection{MC2020,
  edition   = {3rd Edition},
  title     = {Programmazione di {App} per {Dispositivi} con {Sistema} {Operativo} {Android}},
  language  = {Italian},
  booktitle = {Manuale {Cremonese} di {Informatica} e {Telecomunicazioni}},
  publisher = {Zanichelli Editore (Italy)},
  author    = {Ara, Gabriele},
  editor    = {A. Liberatore et al.},
  month     = apr,
  year      = {2020},
  pages     = {1433--1486},
  chapter   = {33},
  isbn      = {9788808920300}
}


@incollection{MC2015,
  edition   = {2nd Edition},
  title     = {Programmazione di {App} per {Dispositivi} con {Sistema} {Operativo} {Android}},
  language  = {Italian},
  booktitle = {Manuale {Cremonese} di {Informatica} e {Telecomunicazioni}},
  publisher = {Zanichelli Editore (Italy)},
  author    = {Ara, Gabriele},
  editor    = {A. Liberatore et al.},
  month     = apr,
  year      = {2015},
  pages     = {1479--1509},
  chapter   = {35},
  isbn      = {9788808151698}
}

@incollection{MF2017,
  edition   = {2nd Edition},
  title     = {Programmazione di Applicazioni per Dispositivi Mobili},
  language  = {Italian},
  booktitle = {Tecnologie e progettazione di Sistemi Informatici e di Telecomunicazioni},
  volume    = {3},
  part      = {B},
  publisher = {Zanichelli Editore (Italy)},
  author    = {Ara, Gabriele},
  editor    = {Giorgio Meini and Fiorenzo Formichi},
  month     = apr,
  year      = {2017},
  pages     = {243--333},
  isbn      = {9788808878809}
}

@book{MF2022,
  title     = {Tecnologie e progettazione di Sistemi Informatici e di Telecomunicazioni},
  edition   = {3nd Edition},
  language  = {Italian},
  volume    = {3},
  publisher = {Zanichelli Editore (Italy)},
  author    = {Meini, Giorgio, and Formichi, Fiorenzo, and Ara, Gabriele},
  month     = apr,
  year      = {2022},
  isbn      = {9788808499943}
}

@incollection{MF2014,
  edition   = {1st Edition},
  title     = {Programmazione di Applicazioni per Dispositivi Mobili},
  language  = {Italian},
  booktitle = {Tecnologie e progettazione di Sistemi Informatici e di Telecomunicazioni},
  volume    = {3},
  part      = {B},
  publisher = {Zanichelli Editore (Italy)},
  author    = {Ara, Gabriele},
  editor    = {Giorgio Meini and Fiorenzo Formichi},
  month     = apr,
  year      = {2014},
  pages     = {295--387},
  isbn      = {9788808735010}
}
